<?xml version="1.0" encoding="UTF-8"?><collection xmlns="http://www.loc.gov/MARC21/slim"><record><leader>00372nam--2200133-i-4500</leader><controlfield tag="001">000027095</controlfield><controlfield tag="002">20161230</controlfield><controlfield tag="005">20161230201036</controlfield><controlfield tag="008">060222s1000------------r-----000-0-eng-d</controlfield><datafield ind1=" " ind2=" " tag="080"><subfield code="a">5(091):030</subfield></datafield><datafield ind1=" " ind2=" " tag="245"><subfield code="a">Istoria generala a stiintei.stiinta antica si medievala de la origini la 1450</subfield></datafield><datafield ind1=" " ind2=" " tag="260"><subfield code="a">Bucuresti,Editura Stiintifica, 1981</subfield></datafield><datafield ind1=" " ind2=" " tag="700"><subfield code="a">Rene, Taton</subfield></datafield><datafield ind1=" " ind2=" " tag="852"><subfield code="a">34466</subfield></datafield></record></collection>